[gd_scene load_steps=24 format=2]

[ext_resource path="res://scripts/system/player.gd" type="Script" id=1]
[ext_resource path="res://assets/sprites/player/idle_1.png" type="Texture" id=2]
[ext_resource path="res://assets/sprites/player/idle_3.png" type="Texture" id=3]
[ext_resource path="res://assets/sprites/player/idle_2.png" type="Texture" id=4]
[ext_resource path="res://assets/sprites/player/jump_3.png" type="Texture" id=5]
[ext_resource path="res://assets/sprites/player/jump_4.png" type="Texture" id=6]
[ext_resource path="res://assets/sprites/player/idle_4.png" type="Texture" id=7]
[ext_resource path="res://assets/sprites/player/jump_5.png" type="Texture" id=8]
[ext_resource path="res://assets/sprites/player/jump_1.png" type="Texture" id=9]
[ext_resource path="res://assets/sprites/player/jump_2.png" type="Texture" id=10]
[ext_resource path="res://assets/sprites/player/run_5.png" type="Texture" id=11]
[ext_resource path="res://assets/sounds/player_jump.wav" type="AudioStream" id=12]
[ext_resource path="res://assets/sprites/player/run_1.png" type="Texture" id=13]
[ext_resource path="res://assets/sprites/player/run_2.png" type="Texture" id=14]
[ext_resource path="res://assets/sprites/player/run_4.png" type="Texture" id=15]
[ext_resource path="res://assets/sprites/player/run_3.png" type="Texture" id=16]
[ext_resource path="res://assets/sprites/player/run_7.png" type="Texture" id=17]
[ext_resource path="res://assets/sprites/player/run_8.png" type="Texture" id=18]
[ext_resource path="res://assets/sprites/player/run_6.png" type="Texture" id=19]
[ext_resource path="res://assets/sprites/player/fire_spark.png" type="Texture" id=20]
[ext_resource path="res://assets/sounds/player_died.wav" type="AudioStream" id=21]

[sub_resource type="SpriteFrames" id=1]
animations = [ {
"frames": [ ExtResource( 2 ), ExtResource( 4 ), ExtResource( 3 ), ExtResource( 7 ) ],
"loop": true,
"name": "default",
"speed": 6.0
}, {
"frames": [ ExtResource( 13 ), ExtResource( 14 ), ExtResource( 16 ), ExtResource( 15 ), ExtResource( 11 ), ExtResource( 19 ), ExtResource( 17 ), ExtResource( 18 ) ],
"loop": true,
"name": "run",
"speed": 10.0
}, {
"frames": [ ExtResource( 9 ), ExtResource( 10 ), ExtResource( 5 ), ExtResource( 6 ), ExtResource( 8 ) ],
"loop": false,
"name": "jump",
"speed": 8.0
} ]

[sub_resource type="CapsuleShape2D" id=2]
radius = 4.0
height = 28.0

[node name="Player" type="KinematicBody2D"]
collision_mask = 3072
script = ExtResource( 1 )

[node name="AnimatedSprite" type="AnimatedSprite" parent="."]
position = Vector2( 0, -12 )
frames = SubResource( 1 )

[node name="CollisionShape" type="CollisionShape2D" parent="."]
position = Vector2( 0, 2 )
shape = SubResource( 2 )

[node name="ProjectileSpawnPos" type="Position2D" parent="."]
position = Vector2( 16, -3 )

[node name="Sprite" type="Sprite" parent="ProjectileSpawnPos"]
visible = false
position = Vector2( 4, 0 )
texture = ExtResource( 20 )

[node name="VisibilityNotifier" type="VisibilityNotifier2D" parent="."]
position = Vector2( -1.19209e-07, 4.76837e-07 )
scale = Vector2( 1.2, 2.4 )

[node name="ASPJump" type="AudioStreamPlayer" parent="."]
stream = ExtResource( 12 )
volume_db = -4.0
bus = "SFXImpact"

[node name="ASPDied" type="AudioStreamPlayer" parent="."]
stream = ExtResource( 21 )
bus = "SFXImpact"

[connection signal="animation_finished" from="AnimatedSprite" to="." method="_on_AnimatedSprite_animation_finished"]
[connection signal="screen_exited" from="VisibilityNotifier" to="." method="_on_VisibilityNotifier_screen_exited"]
