[gd_scene load_steps=25 format=2]

[ext_resource path="res://assets/sprites/enemies/rat_elite/die_5.png" type="Texture" id=1]
[ext_resource path="res://assets/sprites/enemies/rat_elite/init_3.png" type="Texture" id=2]
[ext_resource path="res://assets/sprites/enemies/rat_elite/init_4.png" type="Texture" id=3]
[ext_resource path="res://assets/sprites/enemies/rat_elite/die_2.png" type="Texture" id=4]
[ext_resource path="res://assets/sprites/enemies/rat_elite/die_3.png" type="Texture" id=5]
[ext_resource path="res://assets/sprites/enemies/rat_elite/die_1.png" type="Texture" id=6]
[ext_resource path="res://assets/sprites/enemies/rat_elite/die_4.png" type="Texture" id=7]
[ext_resource path="res://assets/sprites/enemies/rat_elite/init_1.png" type="Texture" id=8]
[ext_resource path="res://assets/sprites/enemies/rat_elite/init_2.png" type="Texture" id=9]
[ext_resource path="res://assets/sprites/enemies/rat_elite/retreat_1.png" type="Texture" id=10]
[ext_resource path="res://assets/sprites/enemies/rat_elite/shoot_3.png" type="Texture" id=11]
[ext_resource path="res://scripts/system/enemies/rat_elite.gd" type="Script" id=12]
[ext_resource path="res://assets/sprites/enemies/rat_elite/die_6.png" type="Texture" id=13]
[ext_resource path="res://assets/sprites/enemies/rat_elite/retreat_3.png" type="Texture" id=14]
[ext_resource path="res://assets/sprites/enemies/rat_elite/retreat_4.png" type="Texture" id=15]
[ext_resource path="res://assets/sprites/enemies/rat_elite/shoot_1.png" type="Texture" id=16]
[ext_resource path="res://assets/sprites/enemies/rat_elite/retreat_2.png" type="Texture" id=17]
[ext_resource path="res://assets/sprites/enemies/rat_elite/shoot_5.png" type="Texture" id=18]
[ext_resource path="res://assets/sprites/enemies/rat_elite/shoot_4.png" type="Texture" id=19]
[ext_resource path="res://assets/sprites/enemies/rat_elite/shoot_2.png" type="Texture" id=20]
[ext_resource path="res://assets/sounds/impact.wav" type="AudioStream" id=21]

[sub_resource type="SpriteFrames" id=1]
animations = [ {
"frames": [ ExtResource( 8 ), ExtResource( 9 ), ExtResource( 2 ), ExtResource( 3 ) ],
"loop": false,
"name": "default",
"speed": 7.0
}, {
"frames": [ ExtResource( 16 ), ExtResource( 20 ), ExtResource( 11 ), ExtResource( 19 ), ExtResource( 18 ) ],
"loop": true,
"name": "wait",
"speed": 6.0
}, {
"frames": [ ExtResource( 10 ), ExtResource( 17 ), ExtResource( 14 ), ExtResource( 15 ) ],
"loop": false,
"name": "retreat",
"speed": 7.0
}, {
"frames": [ ExtResource( 6 ), ExtResource( 4 ), ExtResource( 5 ), ExtResource( 7 ), ExtResource( 1 ), ExtResource( 13 ) ],
"loop": false,
"name": "die",
"speed": 8.0
} ]

[sub_resource type="Animation" id=2]
resource_name = "fire"
length = 4.0
tracks/0/type = "method"
tracks/0/path = NodePath(".")
tracks/0/interp = 1
tracks/0/loop_wrap = true
tracks/0/imported = false
tracks/0/enabled = true
tracks/0/keys = {
"times": PoolRealArray( 1, 1.3, 1.6, 3, 3.3, 3.6 ),
"transitions": PoolRealArray( 1, 1, 1, 1, 1, 1 ),
"values": [ {
"args": [  ],
"method": "spawn_projectile"
}, {
"args": [  ],
"method": "spawn_projectile"
}, {
"args": [  ],
"method": "spawn_projectile"
}, {
"args": [  ],
"method": "spawn_projectile"
}, {
"args": [  ],
"method": "spawn_projectile"
}, {
"args": [  ],
"method": "spawn_projectile"
} ]
}

[sub_resource type="CircleShape2D" id=3]
radius = 12.0

[node name="RatElite" type="Area2D"]
collision_layer = 65536
collision_mask = 32
audio_bus_name = "SFXImpact"
script = ExtResource( 12 )

[node name="AnimatedSprite" type="AnimatedSprite" parent="."]
frames = SubResource( 1 )

[node name="AnimationPlayer" type="AnimationPlayer" parent="."]
anims/fire = SubResource( 2 )

[node name="CollisionShape" type="CollisionShape2D" parent="."]
position = Vector2( 0, 4 )
shape = SubResource( 3 )

[node name="ProjectileSpawnPos" type="Position2D" parent="."]
position = Vector2( -16, 8 )

[node name="ASPImpact" type="AudioStreamPlayer2D" parent="."]
stream = ExtResource( 21 )
bus = "SFXImpact"

[connection signal="body_entered" from="." to="." method="_on_RatElite_body_entered"]
[connection signal="animation_finished" from="AnimatedSprite" to="." method="_on_AnimatedSprite_animation_finished"]
[connection signal="animation_finished" from="AnimationPlayer" to="." method="_on_AnimationPlayer_animation_finished"]
