[gd_scene load_steps=20 format=2]

[ext_resource path="res://scripts/system/enemies/rat_normal.gd" type="Script" id=1]
[ext_resource path="res://assets/sprites/enemies/rat_normal/die_5.png" type="Texture" id=2]
[ext_resource path="res://assets/sprites/enemies/rat_normal/retreat_3.png" type="Texture" id=3]
[ext_resource path="res://assets/sprites/enemies/rat_normal/init_3.png" type="Texture" id=4]
[ext_resource path="res://assets/sprites/enemies/rat_normal/die_6.png" type="Texture" id=5]
[ext_resource path="res://assets/sprites/enemies/rat_normal/retreat_2.png" type="Texture" id=6]
[ext_resource path="res://assets/sprites/enemies/rat_normal/wait_1.png" type="Texture" id=7]
[ext_resource path="res://assets/sprites/enemies/rat_normal/retreat_1.png" type="Texture" id=8]
[ext_resource path="res://assets/sprites/enemies/rat_normal/init_2.png" type="Texture" id=9]
[ext_resource path="res://assets/sprites/enemies/rat_normal/die_1.png" type="Texture" id=10]
[ext_resource path="res://assets/sprites/enemies/rat_normal/die_2.png" type="Texture" id=11]
[ext_resource path="res://assets/sprites/enemies/rat_normal/init_1.png" type="Texture" id=12]
[ext_resource path="res://assets/sprites/enemies/rat_normal/die_3.png" type="Texture" id=13]
[ext_resource path="res://assets/sprites/enemies/rat_normal/wait_2.png" type="Texture" id=14]
[ext_resource path="res://assets/sprites/enemies/rat_normal/die_4.png" type="Texture" id=15]
[ext_resource path="res://assets/sprites/enemies/rat_normal/wait_3.png" type="Texture" id=16]
[ext_resource path="res://assets/sounds/impact.wav" type="AudioStream" id=17]

[sub_resource type="SpriteFrames" id=1]
animations = [ {
"frames": [ ExtResource( 12 ), ExtResource( 9 ), ExtResource( 4 ) ],
"loop": false,
"name": "default",
"speed": 7.0
}, {
"frames": [ ExtResource( 7 ), ExtResource( 14 ), ExtResource( 16 ) ],
"loop": true,
"name": "wait",
"speed": 6.0
}, {
"frames": [ ExtResource( 8 ), ExtResource( 6 ), ExtResource( 3 ) ],
"loop": false,
"name": "retreat",
"speed": 7.0
}, {
"frames": [ ExtResource( 10 ), ExtResource( 11 ), ExtResource( 13 ), ExtResource( 15 ), ExtResource( 2 ), ExtResource( 5 ) ],
"loop": false,
"name": "die",
"speed": 8.0
} ]

[sub_resource type="CircleShape2D" id=2]
radius = 12.0

[node name="RatNormal" type="Area2D"]
collision_layer = 65536
collision_mask = 32
audio_bus_name = "SFXImpact"
script = ExtResource( 1 )

[node name="AnimatedSprite" type="AnimatedSprite" parent="."]
frames = SubResource( 1 )

[node name="CollisionShape" type="CollisionShape2D" parent="."]
position = Vector2( 0, 4 )
shape = SubResource( 2 )

[node name="ASPImpact" type="AudioStreamPlayer2D" parent="."]
stream = ExtResource( 17 )
bus = "SFXImpact"

[connection signal="body_entered" from="." to="." method="_on_RatNormal_body_entered"]
[connection signal="animation_finished" from="AnimatedSprite" to="." method="_on_AnimatedSprite_animation_finished"]
